@article{einstein,
    author = "Albert Einstein",
    title = "{Zur Elektrodynamik bewegter K{\"o}rper}. ({German})
    [{On} the electrodynamics of moving bodies]",
    journal = "Annalen der Physik",
    volume = "322",
    number = "10",
    pages = "891--921",
    year = "1905",
    DOI = "http://dx.doi.org/10.1002/andp.19053221004",
    keywords = "physics"
}
@online{knuthwebsite,
    author = "Candan Caner",
    title = "the basics of the stewart platform",
    url  = "https://acrome.net/post/the-basics-of-the-stewart-platform",
    addendum = "(accessed: 01.08.2024)",
    keywords = "stewart"
}